@misc{ejemplo,
author = { },
title = { <<{Portal web de la ETSIT UPM}>>, [En línea]. },
howpublished = {Available: \url{https://www.etsit.upm.es/}}
}

@misc{ejemplo2,
author = {P. Taylor },
title = {Text-to-Speech Synthesis},
howpublished = {Cambridge University Press, 2009}
}

@misc{ejemplo3,
author = {H. Zen and K. Tokuda and A. W. Black },
title = {<<{Statistical parametric speech synthesis}>>},
howpublished = {\textit{Speech Communication, 51 (11)}, pp. 1039-1064, 2009}
}

@misc{ejemplo4,
author = {J. M. Pardo and F. M. Giménez de los Galanes and J. A. Vallejo and M. A. Berrojo and J. M. Montero and E. Enríquez and A. Romero},
title = {<<{Spanish text-to-speech, from prosody to acoustics}>>},
howpublished = {de \textit{International Congress of Acoustics}, 1995}
}